@article{greenwade93,
    author  = "George D. Greenwade",
    title   = "The {C}omprehensive {T}ex {A}rchive {N}etwork ({CTAN})",
    year    = "1993",
    journal = "TUGBoat",
    volume  = "14",
    number  = "3",
    pages   = "342--351"
}

@electronic{elegoo,
    author = "ELEGOO Official",
    title = "ELEGOO",
    url = "https://eu.elegoo.com/de",
    note = "Accessed: 2024-11-23"
}

@electronic{atmega_microchip,
    author = "microchip",
    title = "ATmega328p",
    url = "https://www.microchip.com/en-us/product/ATmega328p",
    note = "Accessed: 2024-11-23"
}

@electronic{arduino_nano,
	author = "Arduino S.r.l. - Partita IVA ",
	title = "Arduino Nano",
	url = "https://store.arduino.cc/en-de/products/arduino-nano",
	note = "Accessed: 2025-02-09"
}

@electronic{mpu6050,
    author = "InvenSense",
    title = "MPU-6050",
    url = "https://invensense.tdk.com/products/motion-tracking/6-axis/mpu-6050/",
    note = "Accessed: 2024-11-23"
}

@electronic{TB6612FNG,
    author = "Toshiba",
    title = "TB6612FNG",
    url = "https://toshiba.semicon-storage.com/us/semiconductor/product/motor-driver-ics/brushed-dc-motor-driver-ics/detail.TB6612FNG.html",
    note = "Accessed: 2024-11-23"
}

@electronic{TB6612FNG_photo,
	author = "BerryBase - The Maker Shop",
	title = "SparkFun Motor Treiber, Dual TB6612FNG, mit Headern",
	url = "https://www.berrybase.de/sparkfun-motor-treiber-dual-tb6612fng-mit-headern",
	note = "Accessed: 2025-02-09"
}

@electronic{SN74LVC2G14,
    author = "Texas Instruments",
    title = "SN74LVC2G14",
    url = "https://www.ti.com/product/SN74LVC2G14",
    note = "Accessed: 2024-11-23"
}

@electronic{schmitt_trigger_hysteresis,
	author = "Cadence Design Systems",
	title = "Schmitt Trigger Hysteresis Provides Noise-free Switching and Output",
	url = "https://resources.pcb.cadence.com/blog/2021-schmitt-trigger-hysteresis-provides-noise-free-switching-and-output",
	note = "Accessed: 2025-02-09"
}

@electronic{dc-motor,
    author = "microdcmotors",
    title = "37mm 6V 12V 24V DC Gear Motor w/Encoder Model NFP-GM37-520-EN",
    url = "https://microdcmotors.com/product/6v-12v-geared-dc-electric-motor-with-encoder-nfp-jgb37-520-en",
    note = "Accessed: 2024-11-23"
}

@electronic{ultra-sonic,
	author = "sparkfun electronics",
	title = "Ultrasonic Distance Sensor - 5V (HC-SR04)",
	url = "https://www.sparkfun.com/ultrasonic-distance-sensor-hc-sr04.html",
	note = "Accessed: 2025-02-08"
}

@electronic{ir-receiver,
	author = "X-ON Electronics Services",
	title = "IRM-56384 Everlight",
	url = "https://www.xonelec.com/mpn/everlight/irm56384",
	note = "Accessed: 2025-02-08"
}

@electronic{ir-led,
	author = "DigiKey",
	title = "Everlight Electronics Co Ltd IR204C-A",
	url = "https://www.digikey.de/de/products/detail/everlight-electronics-co-ltd/IR204C-A/2675568",
	note = "Accessed: 2025-02-08"
}

@electronic{bluetooth,
	author = "epow0.org",
	title = "ELEGOO BT16 Bluetooth UART Module",
	url = "https://epow0.org/~amki/car_kit/Datasheet/ELEGOO%20BT16%20Bluetooth%20UART%20Module.pdf",
	note = "Accessed: 2025-02-09"
}

@electronic{battery,
	author = "ELEGOO Official",
	title = "ELEGOO Smart Robot Car Kit V4.0 Tutorial",
	url = "https://www.elegoo.com/blogs/arduino-projects/elegoo-smart-robot-car-kit-v4-0-tutorial",
	note = "Accessed: 2025-02-09"
}


